@unpublished{eva,
author = {Martenstein, Eva},
title = {{Zeitdiskrete Markowketten}},
year = {2017},
note = {Seminar Mathematische Modelle der Lebenswissenschaften}
}
@book{allen,
author = {Allen, Linda},
year = {2003},
title = {An Introduction to Stochastic Processes with Applications to Biology},
publisher = {CRC Press}
}
@book{kt,
author = {Karlin, S. and Taylor, H.},
year = {1975},
title = {A First Course in Stochastic Processes},
publisher = {Academic Press}
}
@book{ng,
author = {Nisbet, R.M. and Gurney, W.S.C.},
year = {1982},
title = {Modelling Fluctuating Populations},
publisher = {John Wiley And Sons}
}
@article{nsll,
author = {NÃ¥sell, I.},
year = {1999},
title = {On the quasi-stationary distribution of the stochastic logistic epidemic},
journal = {Math. Biosci.},
volume = {156},
pages = {21-40}
}